<record><leader>00000cas a2200000Ma 4500</leader><controlfield tag="001">192044033</controlfield><controlfield tag="008">820911d18621922iludr ne      0   a0ger  </controlfield><datafield ind1=" " ind2=" " tag="010"><subfield code="a">sn 82014079 </subfield></datafield><datafield ind1=" " ind2=" " tag="040"><subfield code="a">DLC</subfield><subfield code="b">eng</subfield><subfield code="c">AQM</subfield><subfield code="d">OCLCQ</subfield><subfield code="d">OCLCF</subfield><subfield code="d">OCLCO</subfield></datafield><datafield ind1="0" ind2=" " tag="130"><subfield code="a">Illinois Staats-Zeitung (Chicago, Ill. : 1862)</subfield></datafield><datafield ind1="1" ind2="0" tag="245"><subfield code="a">Illinois Staats-Zeitung.</subfield></datafield><datafield ind1=" " ind2=" " tag="260"><subfield code="a">Chicago, Ill. :</subfield><subfield code="b">Ill. Staats-Zeitung Co.</subfield></datafield><datafield ind1=" " ind2=" " tag="300"><subfield code="a">v. :</subfield><subfield code="b">ill. (chiefly advertisements) ;</subfield><subfield code="c">57 cm.</subfield></datafield><datafield ind1=" " ind2=" " tag="310"><subfield code="a">Daily,</subfield><subfield code="b">&lt;1891&gt;-</subfield></datafield><datafield ind1=" " ind2=" " tag="321"><subfield code="a">Weekly,</subfield><subfield code="b">&lt;June 11, 1888-Sept. 1889&gt;</subfield></datafield><datafield ind1="1" ind2=" " tag="362"><subfield code="a">Began with Apr. 13, 1862 issue; ceased in 1922.</subfield></datafield><datafield ind1=" " ind2=" " tag="500"><subfield code="a">"Independent."</subfield></datafield><datafield ind1=" " ind2=" " tag="546"><subfield code="a">In German.</subfield></datafield><datafield ind1=" " ind2=" " tag="580"><subfield code="a">Sunday ed.: Chicago Sonntags-Zeitung.</subfield></datafield><datafield ind1=" " ind2=" " tag="580"><subfield code="a">Weekly ed.: Westen (1868).</subfield></datafield><datafield ind1=" " ind2=" " tag="588"><subfield code="a">Description based on: Jahrg. 26, Nr. 208 (1. Sept. 1873).</subfield></datafield><datafield ind1=" " ind2="0" tag="650"><subfield code="a">German Americans</subfield><subfield code="v">Newspapers.</subfield></datafield><datafield ind1=" " ind2="4" tag="655"><subfield code="a">Ethnic newspapers.</subfield></datafield><datafield ind1=" " ind2="7" tag="655"><subfield code="a">Newspapers.</subfield><subfield code="2">fast</subfield><subfield code="0">(OCoLC)fst01423814</subfield></datafield><datafield ind1=" " ind2="7" tag="650"><subfield code="a">German Americans.</subfield><subfield code="2">fast</subfield><subfield code="0">(OCoLC)fst00941308</subfield></datafield><datafield ind1=" " ind2=" " tag="752"><subfield code="a">United States</subfield><subfield code="b">Illinois</subfield><subfield code="c">Cook</subfield><subfield code="d">Chicago.</subfield></datafield><datafield ind1="1" ind2=" " tag="775"><subfield code="t">Chicago Sonntags-Zeitung</subfield><subfield code="w">(DLC)sn 84038710</subfield></datafield><datafield ind1="1" ind2=" " tag="775"><subfield code="t">Westen (1868)</subfield><subfield code="w">(DLC)sn 83045566</subfield></datafield><datafield ind1="0" ind2="0" tag="780"><subfield code="t">Ta&#776;gliche Illinois Staats-Zeitung</subfield><subfield code="w">(DLC)sn 84038720</subfield></datafield><datafield ind1="0" ind2="7" tag="785"><subfield code="t">D.A. Bu&#776;rgerzeitung</subfield></datafield><datafield ind1="0" ind2="7" tag="785"><subfield code="t">Bu&#776;rgerzeitung und Illinois Staats-Zeitung</subfield><subfield code="w">(DLC)sn 83004558</subfield></datafield></record>